<record><leader>00000cas a22000007a 4500</leader><controlfield tag="001">11514738</controlfield><controlfield tag="008">841220d1905191umtuwr ne      0    0eng d</controlfield><datafield ind1=" " ind2=" " tag="010"><subfield code="a">sn 84036307 </subfield></datafield><datafield ind1=" " ind2=" " tag="040"><subfield code="a">MTL</subfield><subfield code="b">eng</subfield><subfield code="c">MTL</subfield><subfield code="d">OCLCQ</subfield></datafield><datafield ind1=" " ind2=" " tag="042"><subfield code="a">msc</subfield></datafield><datafield ind1="0" ind2="0" tag="245"><subfield code="a">Chester signal.</subfield></datafield><datafield ind1=" " ind2=" " tag="260"><subfield code="a">Chester, Mont. :</subfield><subfield code="b">M.V.B. Scribner,</subfield><subfield code="c">1905-</subfield></datafield><datafield ind1=" " ind2=" " tag="300"><subfield code="a">v. :</subfield><subfield code="b">ill. ;</subfield><subfield code="c">53 cm.</subfield></datafield><datafield ind1=" " ind2=" " tag="310"><subfield code="a">Weekly</subfield></datafield><datafield ind1="0" ind2=" " tag="362"><subfield code="a">Vol. 1, no. 1 (Feb. 23, 1905)-</subfield></datafield><datafield ind1="1" ind2=" " tag="362"><subfield code="a">Ceased by 1916.</subfield><subfield code="z">Cf. Newspaper directory of Montana, 1915-1916.</subfield></datafield><datafield ind1=" " ind2=" " tag="500"><subfield code="a">"In politics the Signal will be Republican," 1905-1912.</subfield></datafield><datafield ind1=" " ind2=" " tag="500"><subfield code="a">"Progressive," 1912-1915. Cf. Newspaper directory of Montana, 1914.</subfield></datafield><datafield ind1=" " ind2=" " tag="752"><subfield code="a">United States</subfield><subfield code="b">Montana</subfield><subfield code="c">Liberty</subfield><subfield code="d">Chester.</subfield></datafield><datafield ind1="1" ind2=" " tag="029"><subfield code="a">AU@</subfield><subfield code="b">000025812398</subfield></datafield></record>